<record><leader>00000cas a22000007a 4500</leader><controlfield tag="001">11333462</controlfield><controlfield tag="008">841031d18941897mtuwr ne      0    0eng d</controlfield><datafield ind1=" " ind2=" " tag="010"><subfield code="a">sn 84036206 </subfield></datafield><datafield ind1=" " ind2=" " tag="040"><subfield code="a">MTL</subfield><subfield code="b">eng</subfield><subfield code="c">MTL</subfield><subfield code="d">OCLCQ</subfield></datafield><datafield ind1=" " ind2=" " tag="042"><subfield code="a">msc</subfield></datafield><datafield ind1="0" ind2="4" tag="245"><subfield code="a">The Darby sentinel.</subfield></datafield><datafield ind1=" " ind2=" " tag="260"><subfield code="a">Darby, Mont. :</subfield><subfield code="b">J.T. Farris,</subfield><subfield code="c">-1897.</subfield></datafield><datafield ind1=" " ind2=" " tag="300"><subfield code="a">4 v. :</subfield><subfield code="b">ill. ;</subfield><subfield code="c">55 cm.</subfield></datafield><datafield ind1=" " ind2=" " tag="310"><subfield code="a">Weekly</subfield></datafield><datafield ind1="0" ind2=" " tag="362"><subfield code="a">-v. 4, no. 20 (Aug. 13, 1897).</subfield></datafield><datafield ind1="1" ind2=" " tag="362"><subfield code="a">Began in 1894.</subfield><subfield code="z">Cf. Gregory, W. Amer. newspapers.</subfield></datafield><datafield ind1=" " ind2=" " tag="588"><subfield code="a">Description based on: Vol. 1, no. 4 (Apr. 28, 1894).</subfield></datafield><datafield ind1=" " ind2=" " tag="752"><subfield code="a">United States</subfield><subfield code="b">Montana</subfield><subfield code="c">Ravalli</subfield><subfield code="d">Darby.</subfield></datafield></record>